<?xml version="1.0" encoding="UTF-8"?><collection xmlns="http://www.loc.gov/MARC21/slim"><record><leader>00502nam--2200193-u-4500</leader><controlfield tag="001">000050606</controlfield><controlfield tag="002">20161230</controlfield><controlfield tag="005">20161230201048</controlfield><controlfield tag="008">071127s1000------------r-----000-0-eng-d</controlfield><datafield ind1=" " ind2=" " tag="040"><subfield code="a">IFIN-HH</subfield></datafield><datafield ind1=" " ind2=" " tag="080"><subfield code="a">51(075.8)</subfield></datafield><datafield ind1="1" ind2=" " tag="100"><subfield code="a">Kolobov,A.M., Neverov,G.S</subfield></datafield><datafield ind1="1" ind2="0" tag="245"><subfield code="a">Izbrannye Glavy Vysshei atematiki</subfield></datafield><datafield ind1=" " ind2=" " tag="260"><subfield code="a">Minsk</subfield><subfield code="b">Izdatelstvo "Vysheishaya Shkola"</subfield><subfield code="c">1971</subfield></datafield><datafield ind1=" " ind2=" " tag="300"><subfield code="a">309 p</subfield></datafield><datafield ind1=" " ind2=" " tag="490"><subfield code="v">Chast 3</subfield></datafield><datafield ind1=" " ind2="4" tag="650"><subfield code="a">Metody Matematicheskoi Fiziki</subfield></datafield><datafield ind1=" " ind2=" " tag="852"><subfield code="c">51</subfield></datafield><datafield ind1=" " ind2=" " tag="CAT"><subfield code="a">Sys</subfield><subfield code="c">20071127</subfield><subfield code="h">110137</subfield></datafield></record></collection>